@article{kaltenbrunner2018sika,
  title={Sika deer (Cervus nippon)-specific real-time PCR method to detect fraudulent labelling of meat and meat products},
  author={Kaltenbrunner, Maria and Hochegger, Rupert and Cichna-Markl, Margit},
  journal={Scientific reports},
  volume={8},
  number={1},
  pages={1--11},
  year={2018},
  publisher={Nature Publishing Group}
}
@article{rotaru2022event,
  title={Event-level prediction of urban crime reveals a signature of enforcement bias in US cities},
  author={Rotaru, Victor and Huang, Yi and Li, Timmy and Evans, James and Chattopadhyay, Ishanu},
  journal={Nature human behaviour},
  volume={6},
  number={8},
  pages={1056--1068},
  year={2022},
  publisher={Nature Publishing Group}
}
@article{zhu2022drives,
  title={What drives reputational risk? Evidence from textual risk disclosures in financial statements},
  author={Zhu, Xiaoqian and Wang, Yinghui and Li, Jianping},
  journal={Humanities and Social Sciences Communications},
  volume={9},
  number={1},
  pages={1--15},
  year={2022},
  publisher={Palgrave}
}
@article{paramasivan2022empirical,
  title={Empirical evidence of the impact of mobility on property crimes during the first two waves of the COVID-19 pandemic},
  author={Paramasivan, Kandaswamy and Subburaj, Rahul and Jaiswal, Saish and Sudarsanam, Nandan},
  journal={Humanities and Social Sciences Communications},
  volume={9},
  number={1},
  pages={1--14},
  year={2022},
  publisher={Palgrave}
}
@article{rafiq2022andromalpack,
  title={AndroMalPack: enhancing the ML-based malware classification by detection and removal of repacked apps for Android systems},
  author={Rafiq, Husnain and Aslam, Nauman and Aleem, Muhammad and Issac, Biju and Randhawa, Rizwan Hamid},
  journal={Scientific Reports},
  volume={12},
  number={1},
  pages={1--18},
  year={2022},
  publisher={Nature Publishing Group}
}
@article{lwoff1967principles,
  title={Principles of classification and nomenclature of viruses},
  author={Lwoff, Andre},
  journal={Nature},
  volume={215},
  number={5096},
  pages={13--14},
  year={1967},
  publisher={Nature Publishing Group}
}
@article{pan2022application,
  title={Application of an improved naive Bayesian analysis for the identification of air leaks in boreholes in coal mines},
  author={Pan, Hong-yu and He, Sui-nan and Zhang, Tian-jun and Song, Shuang and Wang, Kang},
  journal={Scientific Reports},
  volume={12},
  number={1},
  pages={1--15},
  year={2022},
  publisher={Nature Publishing Group}
}
@article{he2022evaluation,
  title={Evaluation modeling of highway collapse hazard based on rough set and support vector machine},
  author={He, Hujun and Quan, Guorong and Zhu, Haolei and Li, Wei and Xing, Rui and Zhao, Yichen},
  journal={Scientific reports},
  volume={12},
  number={1},
  pages={1--10},
  year={2022},
  publisher={Nature Publishing Group}
}
@article{uddin2022comparative,
  title={Comparative performance analysis of K-nearest neighbour (KNN) algorithm and its different variants for disease prediction},
  author={Uddin, Shahadat and Haque, Ibtisham and Lu, Haohui and Moni, Mohammad Ali and Gide, Ergun},
  journal={Scientific Reports},
  volume={12},
  number={1},
  pages={1--11},
  year={2022},
  publisher={Nature Publishing Group}
}
@article{russo2022explaining,
  title={Explaining neural activity in human listeners with deep learning via natural language processing of narrative text},
  author={Russo, Andrea G and Ciarlo, Assunta and Ponticorvo, Sara and Di Salle, Francesco and Tedeschi, Gioacchino and Esposito, Fabrizio},
  journal={Scientific Reports},
  volume={12},
  number={1},
  pages={1--9},
  year={2022},
  publisher={Nature Publishing Group}
}
@article{olsson2022estimating,
  title={Estimating diagnostic uncertainty in artificial intelligence assisted pathology using conformal prediction},
  author={Olsson, Henrik and Kartasalo, Kimmo and Mulliqi, Nita and Capuccini, Marco and Ruusuvuori, Pekka and Samaratunga, Hemamali and Delahunt, Brett and Lindskog, Cecilia and Janssen, Emiel AM and Blilie, Anders and others},
  journal={Nature Communications},
  volume={13},
  number={1},
  pages={1--10},
  year={2022},
  publisher={Nature Publishing Group}
}
@article{houde2003neural,
  title={Neural foundations of logical and mathematical cognition},
  author={Houd{\'e}, Olivier and Tzourio-Mazoyer, Nathalie},
  journal={Nature Reviews Neuroscience},
  volume={4},
  number={6},
  pages={507--514},
  year={2003},
  publisher={Nature Publishing Group}
}
@article{ward2022machine,
  title={Machine learning assisted interferometric structured illumination microscopy for dynamic biological imaging},
  author={Ward, Edward N and Hecker, Lisa and Christensen, Charles N and Lamb, Jacob R and Lu, Meng and Mascheroni, Luca and Chung, Chyi Wei and Wang, Anna and Rowlands, Christopher J and Schierle, Gabriele S Kaminski and others},
  journal={Nature Communications},
  volume={13},
  number={1},
  pages={1--10},
  year={2022},
  publisher={Nature Publishing Group}
}
@article{martinez2022nationwide,
  title={Nationwide geospatial analysis of county racial and ethnic composition and public drinking water arsenic and uranium},
  author={Martinez-Morata, Irene and Bostick, Benjamin C and Conroy-Ben, Otakuye and Duncan, Dustin T and Jones, Miranda R and Spaur, Maya and Patterson, Kevin P and Prins, Seth J and Navas-Acien, Ana and Nigra, Anne E},
  journal={Nature Communications},
  volume={13},
  number={1},
  pages={1--12},
  year={2022},
  publisher={Nature Publishing Group}
}
@article{bromham2022global,
  title={Global predictors of language endangerment and the future of linguistic diversity},
  author={Bromham, Lindell and Dinnage, Russell and Skirg{\aa}rd, Hedvig and Ritchie, Andrew and Cardillo, Marcel and Meakins, Felicity and Greenhill, Simon and Hua, Xia},
  journal={Nature ecology \& evolution},
  volume={6},
  number={2},
  pages={163--173},
  year={2022},
  publisher={Nature Publishing Group}
}
@article{roth2022natural,
  title={Natural scene sampling reveals reliable coarse-scale orientation tuning in human V1},
  author={Roth, Zvi N and Kay, Kendrick and Merriam, Elisha P},
  journal={Nature communications},
  volume={13},
  number={1},
  pages={1--13},
  year={2022},
  publisher={Nature Publishing Group}
}
@article{zhu2022distinct,
  title={Distinct spatiotemporal patterns of syntactic and semantic processing in human inferior frontal gyrus},
  author={Zhu, Yanming and Xu, Min and Lu, Junfeng and Hu, Jianhua and Kwok, Veronica PY and Zhou, Yulong and Yuan, Di and Wu, Bin and Zhang, Jie and Wu, Jinsong and others},
  journal={Nature Human Behaviour},
  pages={1--8},
  year={2022},
  publisher={Nature Publishing Group}
}
@article{lorden2022enhanced,
  title={Enhanced activity of Alzheimer disease-associated variant of protein kinase C$\alpha$ drives cognitive decline in a mouse model},
  author={Lord{\'e}n, Gema and Wozniak, Jacob M and Dor{\'e}, Kim and Dozier, Lara E and Cates-Gatto, Chelsea and Patrick, Gentry N and Gonzalez, David J and Roberts, Amanda J and Tanzi, Rudolph E and Newton, Alexandra C},
  journal={Nature Communications},
  volume={13},
  number={1},
  pages={1--16},
  year={2022},
  publisher={Nature Publishing Group}
}
@article{maiorani2022towards,
  title={Towards semiotically driven empirical studies of ballet as a communicative form},
  author={Maiorani, Arianna and Bateman, John A and Liu, Chun and Markhabayeva, Dayana and Lock, Russell and Zecca, Massimiliano},
  journal={Humanities and Social Sciences Communications},
  volume={9},
  number={1},
  pages={1--18},
  year={2022},
  publisher={Palgrave}
}
@article{ramezani2022text,
  title={Text-Based Automatic Personality Prediction Using KGrAt-Net; A Knowledge Graph Attention Network Classifier},
  author={Ramezani, Majid and Feizi-Derakhshi, Mohammad-Reza and Balafar, Mohammad-Ali},
  journal={arXiv preprint arXiv:2205.13780},
  year={2022}
}
@article{rajkomar2022deciphering,
  title={Deciphering clinical abbreviations with a privacy protecting machine learning system},
  author={Rajkomar, Alvin and Loreaux, Eric and Liu, Yuchen and Kemp, Jonas and Li, Benny and Chen, Ming-Jun and Zhang, Yi and Mohiuddin, Afroz and Gottweis, Juraj},
  journal={Nature Communications},
  volume={13},
  number={1},
  pages={1--14},
  year={2022},
  publisher={Nature Publishing Group}
}
@article{wahab2021dna,
  title={DNA sequences performs as natural language processing by exploiting deep learning algorithm for the identification of N4-methylcytosine},
  author={Wahab, Abdul and Tayara, Hilal and Xuan, Zhenyu and Chong, Kil To},
  journal={Scientific Reports},
  volume={11},
  number={1},
  pages={1--9},
  year={2021},
  publisher={Nature Publishing Group}
}